@book{berger1980,
  title={Statistical Decision Theory: Foundations, Concepts, and Methods},
  author={J.O. Berger},
  series={Springer Series in Statistics},
  year={1980},
  publisher={Springer New York}
}
@book{voytishek2010,
  title={Основы метода Монте-Карло: учебное пособие},
  author={А.В. Войтишек},
  year={2010},
  publisher={НГУ}
}
